<?xml version="1.0" encoding="UTF-8"?><collection xmlns="http://www.loc.gov/MARC21/slim"><record><leader>00355nam--2200133-i-4500</leader><controlfield tag="001">000034603</controlfield><controlfield tag="002">20161230</controlfield><controlfield tag="005">20161230201040</controlfield><controlfield tag="008">060222s1000------------r-----000-0-eng-d</controlfield><datafield ind1=" " ind2=" " tag="080"><subfield code="a">63:621.039.8</subfield></datafield><datafield ind1=" " ind2=" " tag="245"><subfield code="a">New approaches to breeding for improved plant protein</subfield></datafield><datafield ind1=" " ind2=" " tag="260"><subfield code="a">Vienna, Iaea.,1969. 193p</subfield></datafield><datafield ind1=" " ind2=" " tag="490"><subfield code="a">Panel Proceedings Seriiiies</subfield></datafield><datafield ind1=" " ind2=" " tag="852"><subfield code="a">30441</subfield></datafield></record></collection>